% This file was created with JabRef 2.5.
% Encoding: Cp1252

@MISC{activeperl07,
  author = {{Active\,State\,Inc.}},
  title = {{Active Perl, freier Perl-Interpreter für Windows (V5.8.8 Build 820)}},
  howpublished = {Online-Quelle},
  year = {2007},
  note = {\url{http://www.activestate.com/Products/activeperl}},
  owner = {Schnulli},
  timestamp = {2007.12.23}
}

@MISC{aap07,
  author = {{Adobe\,Inc.}},
  title = {{Adobe Acrobat Professional (V7.0)}},
  howpublished = {Online-Quelle},
  year = {2007},
  note = {\url{http://www.adobe.com/de/products/acrobat}},
  owner = {Tilo},
  timestamp = {2007.12.20}
}

@MISC{adobephotoshop07,
  author = {{Adobe\,Inc.}},
  title = {{Photoshop (V7.0 bzw. CS2)}},
  howpublished = {Online-Quelle},
  year = {2007},
  note = {\url{http://www.adobe.com/de/products/photoshop/family}},
  owner = {Schnulli},
  timestamp = {2007.12.23}
}

@MISC{adobereader07,
  author = {{Adobe\,Inc.}},
  title = {{Adobe Reader (V7.0)}},
  howpublished = {Online-Quelle},
  year = {2007},
  note = {\url{http://www.adobe.com/de/products/acrobat/readstep2.html}},
  owner = {Schnulli},
  timestamp = {2007.12.23}
}

@MISC{jabref07,
  author = {M. O. Alver and N. Batada},
  title = {{JabRef-OpenSource-Literaturverwaltung für Windows und Linux (V2.3.1)}},
  howpublished = {Online-Quelle},
  year = {2007},
  note = {\url{http://jabref.sourceforge.net}},
  owner = {Schnulli},
  timestamp = {2007.12.26}
}

@BOOK{azad07,
  title = {{Computer Vision -- Das Praxisbuch}},
  publisher = {Elektor-Verlag},
  year = {2007},
  author = {Azad, P. and Gockel, T. and Dillmann, R.},
  address = {Aachen},
  note = {\url{http://www.praxisbuch.net}},
  owner = {Tilo},
  timestamp = {2007.12.20}
}

@INPROCEEDINGS{azarm96,
  author = {K. Azarm and G. Schmidt},
  title = {{A decentralized approach for the conflict-free motion of multiple
	mobile robots}},
  booktitle = {Proc. of the IEEE Int. Conf. on Intelligent Robots and Systems (IROS)},
  year = {1996},
  pages = {1667--1674},
  address = {Osaka, Japan},
  owner = {Schnulli},
  timestamp = {2007.12.30}
}

@BOOK{baggott07,
  title = {{Matrix oder wie wirklich ist die Wirklichkeit}},
  publisher = {Rowohlt-Verlag},
  year = {2007},
  author = {J. Baggott},
  address = {Reinek bei Hamburg},
  __markedentry = {[Schnulli]},
  owner = {Schnulli},
  timestamp = {2007.12.30}
}

@BOOK{beutelsbacher06,
  title = {{\glqq Das ist o.B.d.A. trivial!\grqq\ -- Tipps und Tricks zur Formulierung
	mathematischer Gedanken}},
  publisher = {Vieweg-Verlag},
  year = {2006},
  author = {A. Beutelspacher},
  address = {Wiesbaden},
  edition = {8.},
  owner = {Schnulli},
  timestamp = {2008.01.25}
}

@ARTICLE{bleymehl96,
  author = {J. Bleymehl and R. A. Krohling and T. Gockel},
  title = {{Tuning a PID-Controller Using Genetic Algorithms}},
  journal = {Int. Journal on Automation, Robotics and Control (aurocon)},
  year = {1996},
  volume = {1},
  pages = {23--29},
  number = {1},
  owner = {Schnulli},
  timestamp = {2007.12.30}
}

@MISC{bod08,
  author = {{BoD}},
  title = {{Books on Demand GmbH, Leistungsspektrum und Informationsmaterial}},
  howpublished = {Online-Quelle},
  year = {2008},
  note = {\url{http://www.bod.de}},
  owner = {Schnulli},
  timestamp = {2008.01.31}
}

@BOOK{braune09,
  title = {{Latex. Werkzeuge, Grafik, WWW}},
  publisher = {Springer-Verlag},
  year = {2009},
  author = {K. Braune and J. Lammarsch and M. Lammarsch},
  address = {Heidelberg},
  owner = {Schnulli},
  timestamp = {2008.02.14}
}

@BOOK{braune08,
  title = {{Latex. Fonts, Layout, Markup}},
  publisher = {Springer-Verlag},
  year = {2008},
  author = {K. Braune and J. Lammarsch and M. Lammarsch},
  address = {Heidelberg},
  owner = {Schnulli},
  timestamp = {2008.02.14}
}

@BOOK{braune06,
  title = {{Latex. Das Basissystem}},
  publisher = {Springer-Verlag},
  year = {2006},
  author = {K. Braune and J. Lammarsch and M. Lammarsch},
  address = {Heidelberg},
  owner = {Schnulli},
  timestamp = {2008.02.14}
}

@BOOK{bronstein89,
  title = {{Taschenbuch der Mathematik}},
  publisher = {Verlag Harri Deutsch},
  year = {1989},
  author = {I. N. Bronstein and K. A. Semendjajew},
  address = {Thun},
  owner = {Schnulli},
  timestamp = {2008.02.14}
}

@MISC{bundesgesetzblatt07,
  author = {{Bundesgesetzblatt}},
  title = {{Das Bundesgesetzblatt im Internet}},
  howpublished = {Online-Quelle (zum Lesen frei verfügbar)},
  year = {2007},
  note = {\url{http://www.bundesgesetzblatt.de}},
  owner = {Schnulli},
  timestamp = {2008.01.31}
}

@MISC{collberg03,
  author = {C. Collberg and S. Kobourov},
  title = {{Self-Plagiarism in Computer Science}},
  howpublished = {Internal Report, Online-Quelle},
  year = {2003},
  note = {\url{http://splat.cs.arizona.edu/sp.pdf}},
  owner = {Schnulli},
  timestamp = {2007.12.26}
}

@MISC{copernic07,
  author = {{Copernic\,Inc.}},
  title = {{Copernic Desktop Search (V2)}},
  howpublished = {Online-Quelle},
  year = {2007},
  note = {\url{http://www.copernic.com}},
  owner = {Schnulli},
  timestamp = {2007.12.26}
}

@MISC{pdfcrop07,
  author = {{CTAN}},
  title = {{pdfcrop.pl-Perl-Skript zum Beschnitt von PDFs (V1.5)}},
  howpublished = {Online-Quelle},
  year = {2007},
  note = {\url{http://www.ctan.org/tex-archive/support/pdfcrop}},
  owner = {Schnulli},
  timestamp = {2007.12.26}
}

@MISC{daly99,
  author = {P. Daly},
  title = {{Customizing Bibliographic Style Files}},
  howpublished = {{Online-Quelle}},
  year = {1999},
  note = {\url{http://www.ctex.org/documents/packages/bibref/makebst.pdf}},
  owner = {Schnulli},
  timestamp = {2008.01.01}
}

@MISC{darkshot07,
  author = {Darkleo},
  title = {{Darkshot Screenshot-Utility (V2.0)}},
  howpublished = {Online-Quelle},
  year = {2007},
  note = {\url{http://www.darkleo.com/darkleo/download/darkshot.htm}},
  owner = {Schnulli},
  timestamp = {2007.12.26}
}

@MISC{texaide07,
  author = {{Design\,Science\,Inc.}},
  title = {{TeXaide-Formeleditor für Latex unter Windows (V4.0a)}},
  howpublished = {Online-Quelle},
  year = {2007},
  note = {\url{http://www.dessci.com/en/products/texaide}},
  owner = {Schnulli},
  timestamp = {2007.12.27}
}

@MISC{dfg98,
  author = {{DFG}},
  title = {{Empfehlungen der Kommission zur Selbstkontrolle in der Wissenschaft
	-- Vorschläge zur Sicherung guter wissenschaftlicher Praxis}},
  howpublished = {Online-Quelle},
  year = {1998},
  note = {\url{http://www.dfg.de/aktuelles_presse/reden_stellungnahmen/download/empfehlung_wiss_praxis_0198.pdf}},
  owner = {Schnulli},
  timestamp = {2007.12.26}
}

@ARTICLE{din1505,
  author = {{DIN\,1505}},
  title = {{Teil 2: Titelangaben von Dokumenten: Zitierregeln. Teil 3: Titelangaben
	von Dokumenten: Verzeichnisse zitierter Dokumente (Literaturverzeichnisse)}},
  year = {1984},
  owner = {Schnulli},
  timestamp = {2007.12.26}
}

@BOOK{duden07,
  title = {{Die deutsche Rechtschreibung}},
  publisher = {{Bibliographisches Institut}},
  year = {2007},
  author = {{Duden-Red.}},
  address = {Mannheim},
  edition = {24.},
  note = {\url{http://www.duden.de}},
  owner = {Schnulli},
  timestamp = {2007.12.26}
}

@MISC{dudencd07,
  author = {{Duden-Red.}},
  title = {{Duden-CD (in bestimmten Ausgaben dem Duden beigefügt)}},
  howpublished = {Online-Quelle},
  year = {2007},
  note = {\url{http://www.pc-bibliothek.de}},
  owner = {Schnulli},
  timestamp = {2007.12.26}
}

@MISC{erbsland07,
  author = {T. Erbsland},
  title = {{Diplomarbeit mit Latex}},
  howpublished = {Online-Quelle},
  year = {2007},
  note = {\url{http://dml.drzoom.ch}},
  owner = {Schnulli},
  timestamp = {2007.12.26}
}

@BOOK{wikipediadasbuch05,
  title = {Wikipedia -- Das Buch},
  publisher = {{Zenodot Verlagsgesellschaft mbH}},
  year = {2005},
  author = {H. Fiebig},
  address = {Berlin},
  note = {\url{http://wiki.lumrix.net/de/download/Wikipedia%20-%20Das%20Buch.pdf}},
  owner = {Schnulli},
  timestamp = {2007.12.27}
}

@ARTICLE{gerber08,
  author = {T. Gerber},
  title = {{Buch 2.0 -- Wie die Evolution der Digitaldrucktechnik den Buchmarkt
	revolutioniert}},
  journal = {{Computermagazin Technik (c't), Heise-Verlag}},
  year = {2008},
  volume = {Heft~3},
  pages = {86--87},
  owner = {Schnulli},
  timestamp = {2008.01.31}
}

@MISC{gerteis91,
  author = {W. Gerteis and T. Gockel},
  title = {{Angepasste BibTeX-Vorlage (dissmk.bst bzw. ka-style.bst)}},
  howpublished = {Universität Karlsruhe (TH), FB Informatik, Online-Quelle},
  year = {2007},
  note = {\url{http://wwwiaim.ira.uka.de/form-der-wissenschaftlichen-ausarbeitung}},
  owner = {Schnulli},
  timestamp = {2007.12.26}
}

@BOOK{gerthsen86,
  title = {{Physik}},
  publisher = {Springer-Verlag},
  year = {1986},
  author = {C. Gerthsen and H.O. Kneser and H. Vogel},
  address = {Heidelberg},
  edition = {16.},
  owner = {Schnulli},
  timestamp = {2007.12.30}
}

@MISC{a2ps07,
  author = {{GNU}},
  title = {{a2ps-Pretty-Printer for Windows (V4.13)}},
  howpublished = {Online-Quelle},
  year = {2007},
  note = {\url{http://www.gnu.org/software/a2ps/}},
  owner = {Tilo},
  timestamp = {2007.12.20}
}

@MISC{ghostscript07,
  author = {{GNU}},
  title = {{Postscript-Interpeter GhostScript (V8.14) und PS-Viewer Ghostview
	(V4.6) für Linux und Windows}},
  howpublished = {Online-Quelle},
  year = {2007},
  note = {\url{http://pages.cs.wisc.edu/~ghost}},
  owner = {Schnulli},
  timestamp = {2007.12.26}
}

@MISC{gimp07,
  author = {{GNU}},
  title = {{GIMP GNU Image Manipulation Program (V2.4.1)}},
  howpublished = {Online-Quelle},
  year = {2007},
  note = {\url{http://www.gimp.org}},
  owner = {Schnulli},
  timestamp = {2007.12.26}
}

@MISC{gnuplot07,
  author = {{GNU}},
  title = {{Gnuplot-Funktionsplotter für Windows und Linux (V4.2)}},
  howpublished = {Online-Quelle},
  year = {2007},
  note = {\url{http://www.gnuplot.info}},
  owner = {Schnulli},
  timestamp = {2007.12.26}
}

@MISC{grep07,
  author = {{GNU}},
  title = {{Grep-Tool für das Suchen und Ersetzen in Textdateien (V2.5.1a) für
	Windows}},
  howpublished = {Online-Quelle},
  year = {2007},
  note = {\url{http://gnuwin32.sourceforge.net/packages/grep.htm}},
  owner = {Schnulli},
  timestamp = {2007.12.26}
}

@MISC{texniccenter07,
  author = {{GNU}},
  title = {{Latex-Editor TeXnicCenter für Windows (V1 Beta 7.01)}},
  howpublished = {Online-Quelle},
  year = {2007},
  note = {\url{http://www.texniccenter.org}},
  owner = {Schnulli},
  timestamp = {2007.12.27}
}

@MISC{googledesktop07,
  author = {{Google Inc.}},
  title = {{Google Desktop}},
  howpublished = {Online-Quelle},
  year = {2007},
  note = {\url{http://desktop.google.com/de}},
  owner = {Schnulli},
  timestamp = {2007.12.26}
}

@BOOK{hoischen88,
  title = {{Technisches Zeichnen}},
  publisher = {{Cor\-nel\-sen-Ver\-lag}},
  year = {1988},
  author = {H. Hoischen},
  address = {Berlin},
  edition = {22.},
  owner = {Schnulli},
  timestamp = {2007.12.26}
}

@MISC{hoeppner01,
  author = {K. Höppner},
  title = {{Einführung in BibTeX}},
  howpublished = {{Vortrag auf dem DANTE-User-Forum, Online-Quelle}},
  year = {2001},
  note = {\url{http://www.dante.de/dante2001/handouts/hoeppner-bibtex/vortrag.pdf}},
  owner = {Schnulli},
  timestamp = {2008.01.01}
}

@MISC{juergens00,
  author = {M. Jürgens},
  title = {{Latex -- eine Einführung und ein bisschen mehr}},
  howpublished = {FernUniversität Hagen, Universitätsrechenzentrum, Online-Quelle},
  year = {2000},
  note = {\url{ftp://ftp.fernuni-hagen.de/pub/pdf/urz-broschueren/broschueren/a0260003.pdf}},
  owner = {Schnulli},
  timestamp = {2007.12.26}
}

@MISC{juergens95,
  author = {M. Jürgens},
  title = {{Latex -- fortgeschrittene Anwendungen}},
  howpublished = {FernUniversität Hagen, Universitätsrechenzentrum, Online-Quelle},
  year = {1995},
  note = {\url{ftp://ftp.fernuni-hagen.de/pub/pdf/urz-broschueren/broschueren/a0279510.pdf}},
  owner = {Schnulli},
  timestamp = {2007.12.26}
}

@BOOK{kopka05,
  title = {{LATEX}},
  publisher = {Pearson Studium-Verlag},
  year = {2005},
  author = {H. Kopka},
  volume = {1--3},
  address = {München},
  owner = {Schnulli},
  timestamp = {2007.12.26}
}

@MISC{lamprecht00,
  author = {H. Lamprecht},
  title = {{Latex2e -- Eine Einführung}},
  howpublished = {Online-Quelle},
  year = {2000},
  note = {\url{http://www.heiner-lamprecht.net/uploads/media/Handbuch.pdf}},
  owner = {abc},
  timestamp = {2007.12.26}
}

@MISC{mackichan07,
  author = {{MacKichan\,Inc.}},
  title = {{Scientific Word auf Latex-Basis}},
  howpublished = {Online-Quelle},
  year = {2007},
  note = {\url{http://www.mackichan.com}},
  owner = {Schnulli},
  timestamp = {2007.12.27}
}

@MISC{may07,
  author = {{MAY\,GmbH}},
  title = {{Freier eDocPrintPro-PDF-Druckertreiber}},
  howpublished = {Online-Quelle},
  year = {2009},
  note = {\url{http://www.pdfprinter.at/}},
  owner = {Schnulli},
  timestamp = {2007.12.26}
}

@BOOK{menche06,
  title = {{Urheberrecht für Dummies (Broschüre ohne ISBN; interne WN: 90\,44\,03)}},
  publisher = {Wiley-VCH~Verlag},
  year = {2006},
  author = {B. Menche and C. Russ},
  address = {Weinheim},
  edition = {1.},
  note = {{Die Broschüre ist beim Verlag bei Einsendung eines frankierten DIN-C5-Rückumschlages
	erhältlich.}},
  owner = {Schnulli},
  timestamp = {2008.01.25}
}

@MISC{msoffice07,
  author = {{Microsoft Inc.}},
  title = {{MS\,Office (Word, Powerpoint, Excel, Visio)}},
  howpublished = {Online-Quelle},
  year = {2010},
  note = {\url{http://office.microsoft.com/de-de}},
  owner = {Schnulli},
  timestamp = {2007.12.26}
}

@MISC{gimpshop07,
  author = {S. Moshella},
  title = {{Photoshopähnliches GIMP-Derivat GIMPShop (V2.1)}},
  howpublished = {Online-Quelle},
  year = {2007},
  note = {\url{http://www.gimpshop.com}},
  owner = {Schnulli},
  timestamp = {2007.12.26}
}

@MISC{fho01,
  author = {{MWK-BW}},
  title = {{Merkblatt des Ministeriums für Wissenschaft, Forschung und Kunst
	Baden-Württemberg für die Behandlung von Diplomarbeiten an Staatlichen
	Fachhochschulen}},
  howpublished = {Online-Quelle},
  year = {2001},
  note = {\url{http://fh-offenburg.de/fhoportal/files/fho/merkblatt.pdf}},
  owner = {Schnulli},
  timestamp = {2008.01.31}
}

@MISC{neubauer1-97,
  author = {M. Neubauer},
  title = {{Feinheiten bei wissenschaftlichen Publikationen -- Mikrotypographie-Regeln,
	Teil~II}},
  howpublished = {Online-Zeitschrift \glqq Die TEXnische Komödie\grqq},
  month = {1},
  year = {1997},
  note = {\url{http://www.dante.de/dante/DTK/PDF/komoedie_1997_1.pdf}},
  owner = {Schnulli},
  timestamp = {2008.01.25}
}

@MISC{neubauer4-96,
  author = {M. Neubauer},
  title = {{Feinheiten bei wissenschaftlichen Publikationen -- Mikrotypographie-Regeln,
	Teil~I}},
  howpublished = {Online-Zeitschrift \glqq Die TEXnische Komödie\grqq},
  month = {4},
  year = {1996},
  note = {\url{http://www.dante.de/dante/DTK/PDF/komoedie_1996_4.pdf}},
  owner = {Schnulli},
  timestamp = {2008.01.25}
}

@BOOK{niedermair06,
  title = {{LaTeX -- Das Praxisbuch}},
  publisher = {Franzis-Verlag},
  year = {2006},
  author = {E. Niedermair and M. Niedermair},
  address = {Poing},
  edition = {3.},
  owner = {Schnulli},
  timestamp = {2007.12.26}
}

@MISC{openthesaurus08,
  author = {{OpenThesaurus}},
  title = {{Freier Online-Thesaurus für die deusche Sprache}},
  howpublished = {Online-Quelle},
  year = {2010},
  note = {\url{http://www.openthesaurus.de}},
  owner = {Schnulli},
  timestamp = {2008.02.14}
}

@MISC{plotsoft08,
  author = {{Plotsoft\,Inc.}},
  title = {{PDFill PDF Tools}},
  howpublished = {Online-Quelle},
  year = {2008},
  note = {\url{http://www.pdfill.com}},
  owner = {Schnulli},
  timestamp = {2008.02.14}
}

@MISC{pridik07,
  author = {N. Pridik},
  title = {{Richtig schreiben und Zeichen setzen im Studium -- Folge 10: Partys,
	Small Talk und Know-how oder: Wichtiges zur Schreibung von Substantiven
	aus dem Englischen.}},
  howpublished = {Online-Quelle},
  year = {2007},
  note = {\url{http://www.studis-online.de/Studieren/Richtig_schreiben}},
  owner = {Schnulli},
  timestamp = {2007.12.26}
}

@MISC{raichle02,
  author = {B. Raichle},
  title = {{Tutorium: Einführung in die BibTeX-Programmierung}},
  howpublished = {{Report vom DANTE-User-Forum, Online-Quelle}},
  year = {2002},
  note = {\url{http://www.dante.de/dante2002/handouts/raichle-bibtexprog.pdf}},
  owner = {Schnulli},
  timestamp = {2008.01.01}
}

@MISC{rohde07,
  author = {{Rohde\&Schwarz GmbH}},
  title = {{Der korrekte Umgang mit Größen, Einheiten und Gleichungen}},
  howpublished = {Online-Quelle},
  year = {2007},
  note = {\url{http://www.rohde-schwarz.com/www/downcent.nsf/file/Gr_Einh_Glei.pdf}},
  owner = {Schnulli},
  timestamp = {2007.12.26}
}

@BOOK{rossig06,
  title = {Wissenschaftliche Arbeiten},
  publisher = {Teamdruck-Verlag},
  year = {2006},
  author = {W. E. Rossig and J. Prätsch},
  address = {Weyhe},
  owner = {Schnulli},
  timestamp = {2007.12.26}
}

@MISC{miktex07,
  author = {C. Schenk},
  title = {{MikTeX-Latex-Distribution unter Windows (V2.4)}},
  howpublished = {Online-Quelle},
  year = {2010},
  note = {\url{http://www.miktex.org}},
  owner = {Schnulli},
  timestamp = {2007.12.26}
}

@MISC{schmidt03,
  author = {W. Schmidt and J. Knappen},
  title = {{Latex2e-Kurzbeschreibung (V2.3)}},
  howpublished = {Online-Quelle},
  year = {2003},
  note = {\url{ftp://ftp.dante.de/tex-archive/info/lshort/german/l2kurz.pdf}},
  owner = {Schnulli},
  timestamp = {2007.12.27}
}

@MISC{shell07,
  author = {M. Shell and D. Hoadley},
  title = {{BibTeX Tips and FAQ}},
  howpublished = {Online-Quelle},
  year = {2007},
  note = {\url{ftp://ftp.tex.ac.uk/tex-archive/biblio/bibtex/contrib/doc}},
  owner = {Schnulli},
  timestamp = {2008.01.01}
}

@MISC{sspline07,
  author = {{Shortcut Inc.}},
  title = {{S-Spline-Programm zur verlustarmen Vergrößerung digitaler Bilder}},
  howpublished = {Online-Quelle},
  year = {2007},
  note = {\url{http://www.doku.net/artikel/s-spline2.htm}},
  owner = {Schnulli},
  timestamp = {2007.12.27}
}

@BOOK{sick06,
  title = {{Der Dativ ist dem Genetiv sein Tod}},
  publisher = {Verlag Kiepenheuer \& Witsch},
  year = {2006},
  author = {B. Sick},
  volume = {1--3},
  address = {Köln},
  owner = {Schnulli},
  timestamp = {2007.12.27}
}

@MISC{xfig07,
  author = {B. V. Smith},
  title = {{Xfig-Vektorzeichenprogramm (V3.2.5)}},
  howpublished = {Online-Quelle},
  year = {2007},
  note = {\url{http://xfig.org}},
  owner = {Schnulli},
  timestamp = {2007.12.27}
}

@MISC{springer07,
  author = {{Springer-Verlag}},
  title = {{Hinweise zur Manuskripterstellung und Vorlagen}},
  howpublished = {Online-Quelle},
  year = {2007},
  note = {\url{http://www.springer.com/dal/home/authors/book+authors}},
  owner = {Schnulli},
  timestamp = {2007.12.27}
}

@BOOK{stickel01,
  title = {{Wissenschaftliches Arbeiten und Lerntechniken}},
  publisher = {Gabler-Verlag},
  year = {2001},
  author = {C. Stickel-Wolf and J. Wolf},
  address = {Wiesbaden},
  owner = {Schnulli},
  timestamp = {2007.12.27}
}

@MISC{openoffice07,
  author = {{Sun\,Microsystems\,Inc.}},
  title = {{OpenOffice (Writer, Math, Calc, Draw, Impress, Base, V2.2)}},
  howpublished = {Online-Quelle},
  year = {2007},
  note = {\url{http://de.openoffice.org}},
  owner = {Schnulli},
  timestamp = {2007.12.26}
}

@MISC{gockel07,
  author = {Template},
  title = {{Latex-Template für \mbox{Seminar-,} Studien- und Diplomarbeiten
	und Dissertationen (V0.99)}},
  howpublished = {Online-Quelle zum freien Download},
  year = {2010},
  note = {\url{http://www.formbuch.de}},
  owner = {Schnulli},
  timestamp = {2007.12.27}
}

@MISC{omnigraffle07,
  author = {{The\,Omni\,Group}},
  title = {{Vektorzeichenprogramm OmniGraffle für MacOS (V4.2.2)}},
  howpublished = {Online-Quelle},
  year = {2007},
  note = {\url{http://www.omnigroup.com/applications/omnigraffle}},
  owner = {Schnulli},
  timestamp = {2007.12.26}
}

@MISC{endnote07,
  author = {{Thomson Inc.}},
  title = {{Literaturverwaltung EndNote}},
  howpublished = {Online-Quelle},
  year = {2007},
  note = {\url{http://www.endnote.com}},
  owner = {Schnulli},
  timestamp = {2007.12.31}
}

@MISC{unika08,
  author = {{Universität Karlsruhe}},
  title = {{Urheberrechtliche Fragen}},
  howpublished = {Online-Quelle},
  year = {2008},
  note = {\url{http://www.zvw.uni-karlsruhe.de/2236.php}},
  owner = {Schnulli},
  timestamp = {2008.01.31}
}

@BOOK{wassermann06,
  title = {Versionsmanagement mit Subversion},
  publisher = {Mitp-Verlag},
  year = {2006},
  author = {T. Wassermann},
  address = {Bonn},
  owner = {Schnulli},
  timestamp = {2007.12.27}
}

@MISC{wikipedia07,
  author = {Wikipedia},
  title = {{Die Freie Enzyklopädie (deutsche Version)}},
  howpublished = {Online-Quelle},
  year = {2007},
  note = {\url{http://de.wikipedia.org/wiki/Hauptseite}},
  owner = {Schnulli},
  timestamp = {2007.12.27}
}

@MISC{wissende08,
  author = {{wissen.de}},
  title = {{Wissensportal der Bertelsmann-Gruppe}},
  howpublished = {Online-Quelle},
  year = {2008},
  note = {\url{http://www.wissen.de}},
  owner = {Schnulli},
  timestamp = {2008.01.31}
}

@MISC{ziegenhagen07,
  author = {U. Ziegenhagen},
  title = {{Latex und Versionsverwaltung mit Subversion}},
  howpublished = {Online-Quelle},
  year = {2007},
  note = {\url{http://www.uweziegenhagen.de/latex/subversion.php}},
  owner = {Schnulli},
  timestamp = {2007.12.27}
}

@comment{jabref-meta: groupsversion:3;}

@comment{jabref-meta: groupstree:
0 AllEntriesGroup:;
1 ExplicitGroup:Automatically created groups\;2\;;
}

